%% This BibTeX bibliography file was created using BibDesk.
%% https://bibdesk.sourceforge.io/

%% Created for Jacob Sutter at 2020-04-06 19:30:16 -0400 


%% Saved with string encoding Unicode (UTF-8) 



@misc{Jarre_2019,
	Author = {Jean-Michel Jarre},
	Date-Added = {2020-04-06 19:28:35 -0400},
	Date-Modified = {2020-04-06 19:30:15 -0400},
	Howpublished = {\url{https://jeanmicheljarre.com}},
	Note = {Accessed: 2020-04-01},
	Title = {{EON}},
	Year = {2019}}

@misc{Savage_2019,
	Author = {Mark Savage},
	Date-Added = {2020-04-06 19:17:08 -0400},
	Date-Modified = {2020-04-06 19:21:25 -0400},
	Howpublished = {\url{https://www.bbc.com/news/entertainment-arts-50335897}},
	Month = {November},
	Note = {Accessed: 2020-03-30},
	Title = {{Jean-Michel Jarre launches 'infinite album'}},
	Year = {2019}}

@misc{MIDIjs_ND,
	Author = {{MIDIjs Team}},
	Date-Added = {2020-04-04 23:08:29 -0400},
	Date-Modified = {2020-04-04 23:22:59 -0400},
	Howpublished = {\url{https://www.midijs.net/midijs_api.html}},
	Note = {Accessed: 2020-03-18},
	Title = {{MIDIjs -- API Description}}}

@misc{Spaans_2015,
	Author = {Bart Spaans},
	Date-Added = {2020-04-04 22:07:46 -0400},
	Date-Modified = {2020-04-04 22:14:23 -0400},
	Howpublished = {\url{https://bspaans.github.io/python-mingus/index.html#mingus}},
	Note = {Accessed: 2020-02-02},
	Title = {{mingus 0.5.1 documentation}},
	Year = {2015}}

@misc{LilyPond_2020,
	Author = {{LilyPond Community}},
	Date-Added = {2020-04-04 16:25:15 -0400},
	Date-Modified = {2020-04-04 16:31:51 -0400},
	Howpublished = {\url{http://lilypond.org/website/manuals.html}},
	Month = {March},
	Note = {Accessed: 2020-01-30},
	Title = {{Manuals for LilyPond 2.20.0}},
	Year = {2020}}

@misc{Cuthbert_2020,
	Author = {Michael Scott Cuthbert},
	Date-Added = {2020-04-04 16:08:45 -0400},
	Date-Modified = {2020-04-04 16:12:34 -0400},
	Howpublished = {\url{https://web.mit.edu/music21/doc/index.html}},
	Month = {February},
	Note = {Accessed: 2020-01-25},
	Title = {{music21 Documentation}},
	Year = {2020}}

@misc{Flow_2018,
	Author = {{Sony Computer Science Laboratories, Inc.}},
	Date-Added = {2019-12-10 20:28:10 -0500},
	Date-Modified = {2020-04-04 16:31:30 -0400},
	Howpublished = {\url{https://www.flow-machines.com}},
	Note = {Accessed: 2019-11-10},
	Publisher = {Sony Computer Science Laboratories, Inc.},
	Title = {{Flow Machines -- AI music--making}},
	Year = {2018}}

@misc{Brit_2018,
	Author = {{Encyclopedia Britannica}},
	Date-Added = {2019-12-09 22:22:59 -0500},
	Date-Modified = {2020-04-04 16:31:05 -0400},
	Howpublished = {\url{https://www.britannica.com/art/electronic-music/Computer-music}},
	Month = {February},
	Note = {Accessed: 2019-12-01},
	Publisher = {Encyclopedia Britannica},
	Title = {Computer Music},
	Year = {2018}}

@article{Liu_2003,
	Author = {Dan {Liu} and Lie {Lu} and Hong-Jiang {Zhang}},
	Booktitle = {ISMIR},
	Date-Added = {2019-10-24 23:51:04 -0400},
	Date-Modified = {2019-12-09 22:22:03 -0500},
	Title = {{Automatic Mood Detection from Acoustic Music Data}},
	Url = {https://academic.microsoft.com/paper/24912070},
	Year = {2003},
	Bdsk-Url-1 = {https://academic.microsoft.com/paper/24912070}}

@article{Aucouturier_2007,
	Author = {Jean-Julien {Aucouturier} and Boris {Defreville} and Fran{\~A}{\S}ois {Pachet}},
	Date-Added = {2019-10-24 23:50:05 -0400},
	Date-Modified = {2019-10-24 23:52:13 -0400},
	Journal = {Journal of the Acoustical Society of America},
	Number = {2},
	Pages = {881--891},
	Title = {{The bag-of-frames approach to audio pattern recognition: A sufficient model for urban soundscapes but not for polyphonic music}},
	Url = {https://academic.microsoft.com/paper/2048174296},
	Volume = {122},
	Year = {2007},
	Bdsk-Url-1 = {https://academic.microsoft.com/paper/2048174296}}

@article{Pachet_2003,
	Author = {Fran{\~A}{\S}ois {Pachet}},
	Date-Added = {2019-10-24 23:48:51 -0400},
	Date-Modified = {2019-10-24 23:51:59 -0400},
	Journal = {Journal of New Music Research},
	Number = {3},
	Pages = {333--341},
	Title = {{The Continuator: Musical Interaction With Style}},
	Url = {https://academic.microsoft.com/paper/2169264582},
	Volume = {32},
	Year = {2003},
	Bdsk-Url-1 = {https://academic.microsoft.com/paper/2169264582}}

@misc{Teymuri_2019,
	Author = {Amir Teymuri},
	Date-Added = {2019-10-24 20:53:19 -0400},
	Date-Modified = {2019-10-24 23:09:01 -0400},
	Howpublished = {\url{https://wiki.python.org/moin/PythonInMusic}},
	Note = {Accessed: 2019-10-01},
	Title = {{PythonInMusic -- Python Wiki}},
	Year = {2019}}

@article{Guo_2019,
	Annote = {This article discusses a Python library that is used to find musical tension and to classify MIDI tracks based on musical features.  Additionally this tool performs key estimation and can separate tracks into their different musical functions.},
	Archiveprefix = {arXiv},
	Author = {Rui Guo and Dorien Herremans and Thor Magnusson},
	Date-Added = {2019-10-07 13:53:29 -0400},
	Date-Modified = {2019-10-24 23:05:46 -0400},
	Title = {{Midi Miner -- A Python library for tonal tension and track classification}},
	Url = {https://arxiv.org/abs/1910.02049},
	Volume = {abs/1910.02049},
	Year = {2019},
	Bdsk-Url-1 = {https://arxiv.org/abs/1910.02049}}

@article{Herremans_2018,
	Annote = {This article discusses the necesaary terminology and structure of music composition necessary to the application of AI music composition.  It details how each of these components are used in order to use computers to generate music.},
	Archiveprefix = {arXiv},
	Author = {Dorien Herremans and Ching{-}Hua Chuan and Elaine Chew},
	Bibsource = {dblp computer science bibliography, https://dblp.org},
	Biburl = {https://dblp.org/rec/bib/journals/corr/abs-1812-04186},
	Date-Added = {2019-10-07 13:50:44 -0400},
	Date-Modified = {2019-10-24 23:07:00 -0400},
	Eprint = {1812.04186},
	Journal = {CoRR},
	Timestamp = {Tue, 01 Jan 2019 15:01:25 +0100},
	Title = {{A Functional Taxonomy of Music Generation Systems}},
	Url = {http://arxiv.org/abs/1812.04186},
	Volume = {abs/1812.04186},
	Year = {2018},
	Bdsk-Url-1 = {http://arxiv.org/abs/1812.04186}}

@article{Li_2019,
	Annote = {This project aims to use prexisting music to reduce the amount of time that it takes to create new music by using an AI to generate this new music.  This tool extracts a melody from the given music, creates a new one to fit, and evaluates the effectiveness of that melody.},
	Author = {Li, Shuyu and Jang, Sejun and Sung, Yunsick},
	Date-Added = {2019-10-07 13:41:02 -0400},
	Date-Modified = {2019-10-24 23:06:31 -0400},
	Doi = {10.3390/math7100883},
	Issn = {2227-7390},
	Journal = {Mathematics},
	Month = {Sep},
	Number = {10},
	Pages = {883},
	Publisher = {MDPI AG},
	Title = {{Automatic Melody Composition Using Enhanced GAN}},
	Url = {http://dx.doi.org/10.3390/math7100883},
	Volume = {7},
	Year = {2019},
	Bdsk-Url-1 = {http://dx.doi.org/10.3390/math7100883}}

@article{Papadopoulos_2016,
	Annote = {This article discusses FlowComposer which is a tool that is meaded to help in the creation of lead sheets.  The user chooses the parameters for generation and then the tool creates the sheet based on existing sheet data.},
	Author = {Papadopoulos, Alexandre and Roy, Pierre and Pachet, Fran{\c c}ois},
	Date-Added = {2019-10-07 13:36:33 -0400},
	Date-Modified = {2019-10-24 23:06:40 -0400},
	Doi = {10.1007/978-3-319-44953-1_48},
	Isbn = {9783319449531},
	Issn = {1611-3349},
	Journal = {Principles and Practice of Constraint Programming},
	Pages = {769--785},
	Publisher = {Springer International Publishing},
	Title = {{Assisted Lead Sheet Composition Using FlowComposer}},
	Url = {http://dx.doi.org/10.1007/978-3-319-44953-1_48},
	Year = {2016},
	Bdsk-Url-1 = {http://dx.doi.org/10.1007/978-3-319-44953-1_48}}

@article{Hadjeres_2016,
	Annote = {This project aims to mimic the chorale writing style of J. S. Bach using a graphical approach to model polyphonic music with hymns being the particular focus in this case.  This particular AI composer has the ability to take input from the user to guide the composition.},
	Archiveprefix = {arXiv},
	Author = {Ga{\"{e}}tan Hadjeres and Fran{\c{c}}ois Pachet},
	Bibsource = {dblp computer science bibliography, https://dblp.org},
	Biburl = {https://dblp.org/rec/bib/journals/corr/HadjeresP16},
	Date-Added = {2019-10-07 13:35:29 -0400},
	Date-Modified = {2019-10-24 23:06:11 -0400},
	Eprint = {1612.01010},
	Journal = {CoRR},
	Timestamp = {Mon, 13 Aug 2018 16:47:42 +0200},
	Title = {{DeepBach: a Steerable Model for Bach chorales generation}},
	Url = {http://arxiv.org/abs/1612.01010},
	Volume = {abs/1612.01010},
	Year = {2016},
	Bdsk-Url-1 = {http://arxiv.org/abs/1612.01010}}

@article{Colombo_2018Gen,
	Annote = {This project takes the prexisting algorithmic composer, BachProp, and adapts it to use musical data in an unconventional form to be able to create music in more styles.  Most other successful AI composers are limited to one very particular style, but this one is designed to be good at composing in any style if given approproate training data.},
	Archiveprefix = {arXiv},
	Author = {Florian Colombo and Johanni Brea and Wulfram Gerstner},
	Bibsource = {dblp computer science bibliography, https://dblp.org},
	Biburl = {https://dblp.org/rec/bib/journals/corr/abs-1812-06669},
	Date-Added = {2019-10-07 13:19:21 -0400},
	Date-Modified = {2019-10-24 23:05:57 -0400},
	Eprint = {1812.06669},
	Journal = {CoRR},
	Timestamp = {Tue, 01 Jan 2019 15:01:25 +0100},
	Title = {{Learning to Generate Music with BachProp}},
	Url = {http://arxiv.org/abs/1812.06669},
	Volume = {abs/1812.06669},
	Year = {2018},
	Bdsk-Url-1 = {http://arxiv.org/abs/1812.06669}}

@article{Colombo_2018Com,
	Annote = {This artlice details some of the development and use of the AI composer BachProp.  This project in particular focuses on how BachProp might be used to genertate music outside of the realm of chorale style music as it was origionally trained to do.},
	Archiveprefix = {arXiv},
	Author = {Florian Colombo and Wulfram Gerstner},
	Bibsource = {dblp computer science bibliography, https://dblp.org},
	Biburl = {https://dblp.org/rec/bib/journals/corr/abs-1802-05162},
	Date-Added = {2019-10-07 13:18:31 -0400},
	Date-Modified = {2019-10-24 23:06:20 -0400},
	Eprint = {1802.05162},
	Journal = {CoRR},
	Timestamp = {Mon, 13 Aug 2018 16:48:22 +0200},
	Title = {{BachProp: Learning to Compose Music in Multiple Styles}},
	Url = {http://arxiv.org/abs/1802.05162},
	Volume = {abs/1802.05162},
	Year = {2018},
	Bdsk-Url-1 = {http://arxiv.org/abs/1802.05162}}

@article{Fernandez_2013,
	Annote = {This article attempts to collect a comprehensive list of techniques used in algorthimic composition since the 1950s.  It lists the projects and the results of many of the AI composers that have been created since the introduction of AI as a field of study.},
	Author = {Fernandez, J.D. and Vico, F.},
	Date-Added = {2019-10-07 13:16:51 -0400},
	Date-Modified = {2019-10-24 23:06:51 -0400},
	Doi = {10.1613/jair.3908},
	Issn = {1076-9757},
	Journal = {Journal of Artificial Intelligence Research},
	Month = {Nov},
	Pages = {513--582},
	Publisher = {AI Access Foundation},
	Title = {{AI Methods in Algorithmic Composition: A Comprehensive Survey}},
	Url = {http://dx.doi.org/10.1613/jair.3908},
	Volume = {48},
	Year = {2013},
	Bdsk-Url-1 = {http://dx.doi.org/10.1613/jair.3908}}

@book{Hiller_1992,
	Acmid = {167769},
	Address = {Cambridge, MA, USA},
	Author = {Hiller, Lejaren and Isaacson, Leonard},
	Chapter = {Musical Composition with a High-speed Digital Computer},
	Date-Modified = {2020-04-04 16:29:55 -0400},
	Isbn = {0-262-19319-1},
	Numpages = {13},
	Pages = {9--21},
	Publisher = {MIT Press},
	Title = {Machine Models of Music},
	Url = {http://dl.acm.org/citation.cfm?id=167765.167769},
	Year = {1992},
	Bdsk-Url-1 = {http://dl.acm.org/citation.cfm?id=167765.167769}}
